@article{Laplace,
author = {Pierre Simon Laplace},
title = {Essai philosophique sur les probabilites},
year = {1814}
}

@book{KotowskiTronczyk,
author = {Romuald Kotowski, Piotr Tronczyk},
title = {Modelowanie i symulacje komputerowe},
date = {2009},
year = {2009},
publisher = {Wydawnictwo Uniwersystetu Kazimierza Wielkiego},
location = {Bydgoszcz},
isbn = {978-83-7096-696-6},
pages = {145},
}

@book{PodstawyModelowania,
author = {C. Szczepaniak},
title = {Podstawy modelowania systemu},
date = {1999},
year = {1999},
publisher = {Wydawnictwo Naukowe PWN},
location = {Warszawa},
isbn = {830-112-820-8},
pages = {179},
}

@article{WykladyJanczewski,
author = {Robert Janczewski},
title = {Wykłady Modelowanie i Symulacje Komputerowe},
year = {2013}
}

@article{Kleiber,
author = {Michał Kleiber},
title = {Modelowanie i symulacja komputerowa - moda czy naturalny trend rozwoju nauki},
journal = {Nauka},
volume = {4},
year = {1999}
}

@article{TrafficSimulation,
author = {Hans-Thomas Fritzshe},
title = {A model for traffic simulation},
year = {1994}
}

@article{Heisenberg,
author = {W. Heisenberg},
title = {Über den anschaulichen Inhalt der quantentheoretischen Kinematik und Mechanik},
journual = {Jeitschrift für Physik},
volume = {43},
number = {Issue 3-4},
pages = {172 --- 198},
year = {1927}
}

@article{Zatrzymac,
author = {Konrad Sobolewski},
title = {Zatrzymać się na czas}
}

@online{ReactionTime,
title = {Human Benchmark - Reaction Time Test, humanbenchmark.com},
url = {http://www.humanbenchmark.com/tests/reactiontime/index.php},
date = {2013}
}

@online{Autokult,
title = {Zapomnijcie o niutonometrach i koniach mechanicznych AUTOKULT.pl},
url = {http://autokult.pl/2010/07/18/zapomnijcie-o-niutonometrach-i-koniach-mechanicznych},
author = {Adrian Przekwas},
date = {2010}
}

@article{Pedestrians,
author = {R. Knoblauch, M. Pietrucha, M. Nitzburg},
title = {Field studies of pedestrian walking speed and Start-Up time},
journual = {Transportation Research Record},
volume = {1538},
pages = {27 --- 38},
year = {1996}
}

@report{revisionsJDL,
author = {Alan N. Steinberg and Alan N. and Bowman, Christopher L. and White, Franklin E.},
title = {Revisions to the JDL Data Fusion Model},
type = {N/A},
institution = {ERIM International, Inc. 1101 Wilson Blvd. Arlington, VA 22209},
date = {1999}
}

@book{sroka08,
author = {Ryszard Sroka},
title = {Metody fuzji danych w pomiarach parametrów ruchu drogowego},
date = {2008},
year = {2008},
publisher = {AGH Uczelniane Wydawnictwa Naukowo-Dydaktyczne},
location = {Kraków},
isbn = {0867-6631},
pages = {139}
}

@article{jdl,
author = {F. E. White, Jr.},
title = {Technical Panel for C3},
journaltitle = {Data Fusion Sub-Panel},
year = {1987},
}

@article{DAFNEKlasyfikator,
author = {Rober Nowak, Jacek Misiurewicz, Rafał Biedrzycki},
title = {Automatic Adaption in Classification Algorithms Fusing Data From Heterogeneous Sensors},
journaltitle = {14th International Conference on Information Fusion},
year = {2011},
}

@book{java,
author = {Bruce Eckel},
title = {Thinking in Java, Edycja Polska, wydanie IV},
publisher = {Helion},
location = {Gliwice},
date = {2006},
year = {2006},
isbn = {978-83-246-3176-6}
}

@article{MVC,
author = {Steve Burbeck},
title = {Applications Programming in Smalltalk-80(TM): How to use Model-View-Controller (MVC)},
date = {2010},
year = {2010},
}

@online{Boost,
author = {Boost foundation},
title = {www.boost.org},
date = {2013},
url = {www.boost.org},
}

@online{isoCPP,
ALTauthor = {C++ standard comitee},
title = {Oficjalna strona standardu C++: www.isocpp.org},
url = {www.isocpp.org},
}

@online{pqxx,
title = {pqxx.org},
date = {2013},
url = {pqxx.org},
}

@online{Qt,
author = {Digia},
title = {qt-project.org},
date = {2013},
url = {qt-project.org},
}

@book{Wplyw,
author = {Robert Cialdini, Bogdan Wojciszke},
title = {Wywieranie wpływu na ludzi. Teoria i praktyka},
publisher = {Gdańskie Wydawnictwo Psychologiczne},
location = {Gdańsk-Sopot},
year = {2009},
date = {2009}
}

@online{Bryla,
title = {projectrho.com},
url = {http://www.projectrho.com/public\_html/rocket/controldeck.php},
}

@article{Grzybek,
author = {Maciej Grzybek},
title = {Implementacja algorytmu śledzenia obiektów w systemie fuzji danych},
year = {2013}
}


